<record><leader>00000cas a22000007a 4500</leader><controlfield tag="001">27986516</controlfield><controlfield tag="008">930426d1865186ucaudn ne      0    0eng d</controlfield><datafield ind1=" " ind2=" " tag="010"><subfield code="a">sn 93050955 </subfield></datafield><datafield ind1=" " ind2=" " tag="040"><subfield code="a">CUY</subfield><subfield code="b">eng</subfield><subfield code="c">CNK</subfield><subfield code="d">OCLCQ</subfield></datafield><datafield ind1=" " ind2=" " tag="042"><subfield code="a">msc</subfield></datafield><datafield ind1="0" ind2=" " tag="130"><subfield code="a">California express (Marysville, Calif. : 1865 : Daily ed.)</subfield></datafield><datafield ind1="1" ind2="4" tag="245"><subfield code="a">The California express.</subfield></datafield><datafield ind1=" " ind2=" " tag="260"><subfield code="a">Marysville [Calif.] :</subfield><subfield code="b">Express Print. Co.</subfield></datafield><datafield ind1=" " ind2=" " tag="300"><subfield code="a">v.</subfield></datafield><datafield ind1=" " ind2=" " tag="310"><subfield code="a">Daily (except Sun.)</subfield></datafield><datafield ind1="0" ind2=" " tag="362"><subfield code="a">New ser., vol. 11, no. 178 (Jan. 16, 1865)-</subfield></datafield><datafield ind1=" " ind2="4" tag="651"><subfield code="a">Marysville (Calif.)</subfield><subfield code="v">Newspapers.</subfield></datafield><datafield ind1=" " ind2=" " tag="752"><subfield code="a">United States</subfield><subfield code="b">California</subfield><subfield code="c">Yuba</subfield><subfield code="d">Marysville.</subfield></datafield><datafield ind1="0" ind2=" " tag="775"><subfield code="t">California express (Marysville, Calif. : 1865 : Weekly ed.)</subfield><subfield code="w">(DLC)sn 93050956</subfield></datafield><datafield ind1="0" ind2="0" tag="780"><subfield code="t">Daily California express</subfield><subfield code="w">(DLC)sn 82014989</subfield></datafield><datafield ind1="1" ind2=" " tag="029"><subfield code="a">AU@</subfield><subfield code="b">000020751554</subfield></datafield></record>